@MISC {496418,
    TITLE = {If $2^n - 1$ is prime from some integer $n$, prove that n must also be prime.},
    AUTHOR = {Marc van Leeuwen (https://math.stackexchange.com/users/18880/marc-van-leeuwen)},
    HOWPUBLISHED = {Mathematics Stack Exchange},
    NOTE = {URL:https://math.stackexchange.com/q/496418 (version: 2013-09-18)},
    EPRINT = {https://math.stackexchange.com/q/496418},
    URL = {https://math.stackexchange.com/q/496418}
}